<record><leader>00000cas a22000007a 4500</leader><controlfield tag="001">14877142</controlfield><controlfield tag="008">861126d18641866iauwr ne      0    0eng d</controlfield><datafield ind1=" " ind2=" " tag="010"><subfield code="a">sn 86061186 </subfield></datafield><datafield ind1=" " ind2=" " tag="040"><subfield code="a">INP</subfield><subfield code="b">eng</subfield><subfield code="c">INP</subfield><subfield code="d">OCLCQ</subfield></datafield><datafield ind1=" " ind2=" " tag="042"><subfield code="a">msc</subfield></datafield><datafield ind1="0" ind2="0" tag="245"><subfield code="a">Weekly Indianola banner.</subfield></datafield><datafield ind1="1" ind2="3" tag="246"><subfield code="a">Weekly banner</subfield></datafield><datafield ind1=" " ind2=" " tag="260"><subfield code="a">Indianola, Iowa :</subfield><subfield code="b">M.H. Money</subfield></datafield><datafield ind1=" " ind2=" " tag="300"><subfield code="a">v. :</subfield><subfield code="b">ill. ;</subfield><subfield code="c">55-61 cm.</subfield></datafield><datafield ind1=" " ind2=" " tag="310"><subfield code="a">Weekly</subfield></datafield><datafield ind1="1" ind2=" " tag="362"><subfield code="a">Began in Mar.? 1864; ceased in Sept. 1866.</subfield><subfield code="z">Cf. Bibl. of Iowa newspapers.</subfield></datafield><datafield ind1=" " ind2=" " tag="515"><subfield code="a">&lt;Nov. 10, 1864&gt; issue lacks numbering.</subfield></datafield><datafield ind1=" " ind2=" " tag="588"><subfield code="a">Description based on: Vol. 1, no. 6 (Apr. 7, 1864).</subfield></datafield><datafield ind1=" " ind2=" " tag="752"><subfield code="a">United States</subfield><subfield code="b">Iowa</subfield><subfield code="c">Warren</subfield><subfield code="d">Indianola.</subfield></datafield><datafield ind1="0" ind2="0" tag="780"><subfield code="t">Weekly Indianola visitor (Indianola, Iowa : 1860)</subfield><subfield code="w">(DLC)sn 87057560</subfield></datafield><datafield ind1="0" ind2="0" tag="785"><subfield code="t">Weekly Indianola visitor (Indianola, Iowa : 1866)</subfield><subfield code="w">(DLC)sn 87057668</subfield></datafield></record>